@article{Ce,
	doi = {10.1103/physrevd.92.074502},

	url = {https://doi.org/10.1103%2Fphysrevd.92.074502},

	year = 2015,
	month = {oct},

	publisher = {American Physical Society ({APS})},

	volume = {92},

	number = {7},

	author = {Marco C{\`{e}
} and Cristian Consonni and Georg P. Engel and Leonardo Giusti},

	title = {Non-Gaussianities in the topological charge distribution of the {SU}(3) Yang-Mills theory},

	journal = {Physical Review D}
}
