@article{Creutz1981ASA,
  title={A Statistical Approach to Quantum Mechanics},
  author={Michael Creutz and Barry A. Freedman},
  journal={Annals of Physics},
  year={1981},
  volume={132},
  pages={427-462}
}
